% Sample database of BibTeX entries for the template.tex document

@InProceedings{DAC09,
    author = {L. Cheng and P. Gupta and C. Spanos and K. Qian and L. He},
    title = {Physically Justifiable Die-Level Modeling of Spatial Variation in view of Systematic Across Wafer Variability},
    booktitle = {Proceedings of IEEE Design Automation Conference},
    month = July,
    year = 2009,
    pages = {104-108},
}

@techreport{KedarPHD,
  author = "Kedar Patel",
  title = "Intrinsic and Systematic Variability in Nanometer CMOS Technologies",
  number = "UCB/EECS-2010-181",
  institution = "Department of Electrical Engineering and Computer Sciences,
                 University of Californica, Berkeley",
  year = 2010,
  url = "www.eecs.berkeley.edu/Pubs/TechRpts/2010/EECS-2010-181.html"
}

@techreport{dkPHD,
  author = "Dekong Zeng",
  title = "Statistical Methods for Enhanced Metrology in Semiconductor/Photovoltaic Manufacturing",
  number = "UCB/EECS-2012-237",
  institution = "Department of Electrical Engineering and Computer Sciences,
                 University of Californica, Berkeley",
  year = 2012,
  url = "www.eecs.berkeley.edu/Pubs/TechRpts/2012/EECS-2012-237.html"
}

@book{Cressie93,
  author = "N. Cressie",
  title = "Statistics for spatial data",
  publisher = "Wiley, New York",
  year = 1993
}

@misc{geoR,
  author = "Paulo J. Ribeiro Jr and Peter J. Diggle",
  title = "Analysis of geostatistical data",
  note = "You can find this document on the webpage
    \verb+http://cran.r-project.org/web/packages/geoR/geoR.pdf+"}








@article{Gobbert,
  author = "Matthias K. Gobbert and Christian A. Ringhofer",
  title = "An asymptotic analysis for a model of chemical vapor deposition
    on a microstructured surface",
  journal = "SIAM Journal on Applied Mathematics",
  volume = "58",
  number = "3",
  pages = "737--752",
  year = 1998}


@unpublished{GoPr2,
  author = "Matthias K. Gobbert and Andreas Prohl",
  title = "A comparison of classical and new finite element methods
           for the computation of laminate microstructure",
  note = "Applied Numerical Mathematics, in press."}


@misc{sampledoc,
  author = "Matthias K. Gobbert",
  title = "Some {\LaTeX}\ {I}ntroduction",
  note = "You can find this document on the webpage
    \verb+http://www.math.umbc.edu/~gobbert+"}


